<record><leader>00000cas a22000007a 4500</leader><controlfield tag="001">15533239</controlfield><controlfield tag="008">870415d1831183unyuwr ne      0    0eng d</controlfield><datafield ind1=" " ind2=" " tag="010"><subfield code="a">sn 88079452 </subfield></datafield><datafield ind1=" " ind2=" " tag="040"><subfield code="a">NPH</subfield><subfield code="b">eng</subfield><subfield code="c">NPH</subfield><subfield code="d">NYS</subfield><subfield code="d">OCL</subfield><subfield code="d">OCLCQ</subfield><subfield code="d">OCLCF</subfield><subfield code="d">OCLCO</subfield></datafield><datafield ind1=" " ind2=" " tag="042"><subfield code="a">msc</subfield></datafield><datafield ind1=" " ind2=" " tag="043"><subfield code="a">n-us-ny</subfield></datafield><datafield ind1="0" ind2="4" tag="245"><subfield code="a">The Penn-Yan enquirer.</subfield></datafield><datafield ind1=" " ind2=" " tag="260"><subfield code="a">Penn-Yan, Yates Co., N.Y. :</subfield><subfield code="b">[B. Tyler &amp; Co.]</subfield></datafield><datafield ind1=" " ind2=" " tag="300"><subfield code="a">v. ;</subfield><subfield code="c">54 cm.</subfield></datafield><datafield ind1=" " ind2=" " tag="310"><subfield code="a">Weekly</subfield></datafield><datafield ind1="1" ind2=" " tag="362"><subfield code="a">Began in 1831.</subfield></datafield><datafield ind1=" " ind2=" " tag="500"><subfield code="a">Publishers: B. Tyler &amp; Co., &lt;1831&gt;-1832; Tyler &amp; Fowle, 1832-&lt;1833&gt;.</subfield></datafield><datafield ind1=" " ind2=" " tag="515"><subfield code="a">Issues for &lt;Oct. 3, 1832-Mar. 13, 1833&gt; called also &lt;Whole no. 90-113&gt;.</subfield></datafield><datafield ind1=" " ind2=" " tag="588"><subfield code="a">Description based on: Vol. 1, no. 37 (Oct. 12, 1831).</subfield></datafield><datafield ind1=" " ind2="0" tag="651"><subfield code="a">Penn Yan (N.Y.)</subfield><subfield code="v">Newspapers.</subfield></datafield><datafield ind1=" " ind2="7" tag="655"><subfield code="a">Newspapers.</subfield><subfield code="2">fast</subfield><subfield code="0">(OCoLC)fst01423814</subfield></datafield><datafield ind1=" " ind2="7" tag="651"><subfield code="a">New York (State)</subfield><subfield code="z">Penn Yan.</subfield><subfield code="2">fast</subfield><subfield code="0">(OCoLC)fst01220518</subfield></datafield><datafield ind1=" " ind2=" " tag="752"><subfield code="a">United States</subfield><subfield code="b">New York</subfield><subfield code="c">Yates</subfield><subfield code="d">Penn Yan.</subfield></datafield><datafield ind1="0" ind2="0" tag="780"><subfield code="t">Yates Republican</subfield><subfield code="w">(DLC)sn 85026969</subfield></datafield></record>